[gd_scene load_steps=27 format=2]

[ext_resource path="res://scripts/audio_scripts/AudioManager.gd" type="Script" id=1]
[ext_resource path="res://assets/sound/pigtune1.wav" type="AudioStream" id=2]
[ext_resource path="res://assets/sound/pigtune2.wav" type="AudioStream" id=3]
[ext_resource path="res://assets/sound/pigtune3.wav" type="AudioStream" id=4]
[ext_resource path="res://assets/sound/pig_steps.wav" type="AudioStream" id=5]
[ext_resource path="res://assets/sound/vomit_loop.wav" type="AudioStream" id=6]
[ext_resource path="res://assets/sound/pigjump1.wav" type="AudioStream" id=7]
[ext_resource path="res://assets/sound/pigjump2.wav" type="AudioStream" id=8]
[ext_resource path="res://assets/sound/pigjump3.wav" type="AudioStream" id=9]
[ext_resource path="res://assets/sound/pigjump4.wav" type="AudioStream" id=10]
[ext_resource path="res://assets/sound/pigjump5.wav" type="AudioStream" id=11]
[ext_resource path="res://assets/sound/pig_fart_1.wav" type="AudioStream" id=12]
[ext_resource path="res://assets/sound/pig_fart_2.wav" type="AudioStream" id=13]
[ext_resource path="res://assets/sound/pig_fart_3.wav" type="AudioStream" id=14]
[ext_resource path="res://assets/sound/pig_hurt_1.wav" type="AudioStream" id=15]
[ext_resource path="res://assets/sound/pig_hurt_2.wav" type="AudioStream" id=16]
[ext_resource path="res://assets/sound/pig_hurt_3.wav" type="AudioStream" id=17]
[ext_resource path="res://assets/sound/pig_hurt_4.wav" type="AudioStream" id=18]
[ext_resource path="res://assets/sound/pig_truffle_get_1.wav" type="AudioStream" id=19]
[ext_resource path="res://assets/sound/pig_truffle_get_2.wav" type="AudioStream" id=20]
[ext_resource path="res://assets/sound/pig_truffle_get_3.wav" type="AudioStream" id=21]
[ext_resource path="res://assets/sound/pig_truffle_get_4.wav" type="AudioStream" id=22]
[ext_resource path="res://assets/sound/pig_ui_hover.wav" type="AudioStream" id=23]
[ext_resource path="res://assets/sound/pig_ui_click.wav" type="AudioStream" id=24]
[ext_resource path="res://assets/sound/scene_change.wav" type="AudioStream" id=25]
[ext_resource path="res://assets/sound/youdied.wav" type="AudioStream" id=26]

[node name="AudioManager" type="Node"]
script = ExtResource( 1 )

[node name="music_low" type="AudioStreamPlayer" parent="."]
stream = ExtResource( 2 )
autoplay = true
bus = "Low Music"

[node name="music_med" type="AudioStreamPlayer" parent="."]
stream = ExtResource( 3 )
autoplay = true
bus = "Med Music"

[node name="music_high" type="AudioStreamPlayer" parent="."]
stream = ExtResource( 4 )
autoplay = true
bus = "High Music"

[node name="pigvocalizations" type="AudioStreamPlayer" parent="."]
stream = ExtResource( 5 )
autoplay = true
bus = "Vomit"

[node name="pigvomit" type="AudioStreamPlayer" parent="."]
stream = ExtResource( 6 )
autoplay = true
bus = "Vomit"

[node name="SFX" type="Node" parent="."]

[node name="pigjump1" type="AudioStreamPlayer" parent="SFX"]
stream = ExtResource( 7 )

[node name="pigjump2" type="AudioStreamPlayer" parent="SFX"]
stream = ExtResource( 8 )

[node name="pigjump3" type="AudioStreamPlayer" parent="SFX"]
stream = ExtResource( 9 )

[node name="pigjump4" type="AudioStreamPlayer" parent="SFX"]
stream = ExtResource( 10 )

[node name="pigjump5" type="AudioStreamPlayer" parent="SFX"]
stream = ExtResource( 11 )

[node name="pigfart1" type="AudioStreamPlayer" parent="SFX"]
stream = ExtResource( 12 )

[node name="pigfart2" type="AudioStreamPlayer" parent="SFX"]
stream = ExtResource( 13 )

[node name="pigfart3" type="AudioStreamPlayer" parent="SFX"]
stream = ExtResource( 14 )

[node name="pighurt1" type="AudioStreamPlayer" parent="SFX"]
stream = ExtResource( 15 )

[node name="pighurt2" type="AudioStreamPlayer" parent="SFX"]
stream = ExtResource( 16 )

[node name="pighurt3" type="AudioStreamPlayer" parent="SFX"]
stream = ExtResource( 17 )

[node name="pighurt4" type="AudioStreamPlayer" parent="SFX"]
stream = ExtResource( 18 )

[node name="pigtruffleget1" type="AudioStreamPlayer" parent="SFX"]
stream = ExtResource( 19 )

[node name="pigtruffleget2" type="AudioStreamPlayer" parent="SFX"]
stream = ExtResource( 20 )

[node name="pigtruffleget3" type="AudioStreamPlayer" parent="SFX"]
stream = ExtResource( 21 )

[node name="pigtruffleget4" type="AudioStreamPlayer" parent="SFX"]
stream = ExtResource( 22 )

[node name="uihover" type="AudioStreamPlayer" parent="SFX"]
stream = ExtResource( 23 )

[node name="uiclick" type="AudioStreamPlayer" parent="SFX"]
stream = ExtResource( 24 )

[node name="scenechange" type="AudioStreamPlayer" parent="SFX"]
stream = ExtResource( 25 )

[node name="youdied" type="AudioStreamPlayer" parent="SFX"]
stream = ExtResource( 26 )
